@book{costa,
	author = "J. Costa Quintana i F. López Aguilar",
	title = "Interacción Electromagnética: Teoría Clásica",
	year = "2007",
	publisher = "Editorial Reverté"
}	

@book{tipler,
	author = "Paul A. Tipler i Gene Mosca",
	title = "Física per a la ciència i la tecnologia",
	year = "2010",
	volume = "Volum 2: Electricitat i magnetisme",
	publisher = "Editorial Reverté"
}

@article{capacitat,
	author = "H. B. Palmer",
	title = "The Capacitance of a Parallel-Capacitor by the Schwartz-Christoffel Transformation",
	journal = "Transactions of the American Institute of Electrical Engineers",
	volume = "vol. 56",
	number = "3",
	pages = "363-366",
	year = "1937",
}
